<collection xmlns="http://www.loc.gov/MARC21/slim"><record><leader>00797nam  2200241   450</leader><controlfield tag="001">321</controlfield><controlfield tag="003">http://montalegre.opacnet.com/OPAC/default.aspx?ContentAreaControl=ShowRegHoldings.ascx&amp;RegNo=16662</controlfield><datafield tag="095" ind1=" " ind2=" "><subfield code="a">PTBN00357949</subfield></datafield><datafield tag="100" ind1=" " ind2=" "><subfield code="a">20061013d1991    m  y0pory0103    ba</subfield></datafield><datafield tag="101" ind1="1" ind2=" "><subfield code="a">por</subfield><subfield code="c">fre</subfield></datafield><datafield tag="102" ind1=" " ind2=" "><subfield code="a">PT</subfield></datafield><datafield tag="105" ind1=" " ind2=" "><subfield code="a">y   z   000ay</subfield></datafield><datafield tag="106" ind1=" " ind2=" "><subfield code="a">r</subfield></datafield><datafield tag="200" ind1="1" ind2=" "><subfield code="a">&lt;O &gt;amante da China do Norte</subfield><subfield code="f">Marguerite Duras</subfield><subfield code="g">trad. Tereza Coelho</subfield></datafield><datafield tag="210" ind1=" " ind2=" "><subfield code="a">Lisboa</subfield><subfield code="c">Livros do Brasil</subfield><subfield code="d">1991</subfield></datafield><datafield tag="215" ind1=" " ind2=" "><subfield code="a">254, [2] p.</subfield><subfield code="d">21 cm</subfield></datafield><datafield tag="225" ind1="2" ind2=" "><subfield code="a">Dois mundos</subfield><subfield code="v">202</subfield></datafield><datafield tag="304" ind1=" " ind2=" "><subfield code="a">Tít. orig.: L'amant de la Chine du Nord</subfield></datafield><datafield tag="675" ind1=" " ind2=" "><subfield code="a">821</subfield></datafield><datafield tag="700" ind1=" " ind2="1"><subfield code="a">Duras</subfield><subfield code="b">Marguerite</subfield><subfield code="f">1914-1996</subfield><subfield code="3">29724</subfield></datafield><datafield tag="702" ind1=" " ind2="1"><subfield code="a">Coelho</subfield><subfield code="b">Teresa</subfield><subfield code="f">1960-</subfield><subfield code="3">50448</subfield><subfield code="4">730</subfield></datafield><datafield tag="801" ind1=" " ind2="0"><subfield code="a">PT</subfield><subfield code="b">Biblioteca Municipal de Montalegre</subfield><subfield code="g">RPC</subfield></datafield><datafield tag="856" ind1=" " ind2=" "><subfield code="u">locateMedia.asp?cod=20060511143143&amp;ext=jpg</subfield><subfield code="z">CAPA</subfield></datafield><datafield tag="909" ind1="&#9;" ind2=" "><subfield code="a">1</subfield></datafield><datafield tag="966" ind1=" " ind2=" "><subfield code="a">0008315</subfield><subfield code="l">BMM</subfield><subfield code="s">SCG 821 DUR ama 202</subfield></datafield></record></collection>